

@article {Kelman1961,
	title = {Processes of opinion change},
	journal = {Public Opinion Quarterly},
	volume = {25},
	year = {1961},
	pages = {57-78},
	author = {Kelman, H.C.}
}
